<?xml version="1.0" encoding="UTF-8"?><collection xmlns="http://www.loc.gov/MARC21/slim"><record><leader>00573nam--2200157-i-4500</leader><controlfield tag="001">000005362</controlfield><controlfield tag="002">20161230</controlfield><controlfield tag="005">20170113012520</controlfield><controlfield tag="008">060222s1000------------r-----000-0-eng-d</controlfield><datafield ind1=" " ind2=" " tag="245"><subfield code="a">Advances in vacuum science and technology. Proceedings of the First International Congress on Vacuum Techniques, 10-13 June, 1958, Namur, Belgium. Vol.II: Vacuum systems applications in various sciences and techniques</subfield></datafield><datafield ind1=" " ind2=" " tag="260"><subfield code="a">Oxford</subfield><subfield code="b">Pergamon Press</subfield><subfield code="c">1960</subfield></datafield><datafield ind1=" " ind2=" " tag="300"><subfield code="a">IX + /-470-824</subfield></datafield><datafield ind1=" " ind2=" " tag="490"><subfield code="a">Proceedings</subfield></datafield><datafield ind1=" " ind2=" " tag="700"><subfield code="a">Thomas, E</subfield></datafield><datafield ind1=" " ind2=" " tag="852"><subfield code="a">15279</subfield></datafield><datafield ind1=" " ind2=" " tag="CAT"><subfield code="a">SYS</subfield><subfield code="c">20170113</subfield><subfield code="h">012520</subfield></datafield></record></collection>